<record><leader>00000cas a22000007a 4500</leader><controlfield tag="001">13378459</controlfield><controlfield tag="008">860402d19822008mtuwr ne      0   a0eng d</controlfield><datafield ind1=" " ind2=" " tag="010"><subfield code="a">sn 86075099 </subfield></datafield><datafield ind1=" " ind2=" " tag="040"><subfield code="a">MTL</subfield><subfield code="b">eng</subfield><subfield code="c">MTL</subfield><subfield code="d">NSD</subfield><subfield code="d">CUV</subfield><subfield code="d">MTG</subfield><subfield code="d">OCLCQ</subfield><subfield code="d">OCLCO</subfield><subfield code="d">OCLCF</subfield><subfield code="d">OCLCO</subfield></datafield><datafield ind1=" " ind2=" " tag="012"><subfield code="m">1</subfield></datafield><datafield ind1="1" ind2=" " tag="022"><subfield code="a">1098-9579</subfield><subfield code="l">1098-9579</subfield><subfield code="2">1</subfield></datafield><datafield ind1="1" ind2=" " tag="029"><subfield code="a">AU@</subfield><subfield code="b">000025801845</subfield></datafield><datafield ind1=" " ind2=" " tag="032"><subfield code="a">016504</subfield><subfield code="b">USPS</subfield></datafield><datafield ind1=" " ind2=" " tag="042"><subfield code="a">msc</subfield><subfield code="a">nsdp</subfield></datafield><datafield ind1=" " ind2=" " tag="043"><subfield code="a">n-us-mt</subfield><subfield code="a">n-us-wy</subfield></datafield><datafield ind1=" " ind2="4" tag="050"><subfield code="a">S1</subfield><subfield code="b">.F198</subfield></datafield><datafield ind1="0" ind2=" " tag="130"><subfield code="a">Agri-news (Billings, Mont)</subfield></datafield><datafield ind1=" " ind2="0" tag="222"><subfield code="a">Agri-news</subfield><subfield code="b">(Billings, Mont)</subfield></datafield><datafield ind1="1" ind2="0" tag="245"><subfield code="a">Agri-news.</subfield></datafield><datafield ind1=" " ind2=" " tag="260"><subfield code="a">Billings, Mont. :</subfield><subfield code="b">Western Livestock Reporter, Inc.,</subfield><subfield code="c">1982-</subfield></datafield><datafield ind1=" " ind2=" " tag="300"><subfield code="a">v. :</subfield><subfield code="b">ill. ;</subfield><subfield code="c">45 cm.</subfield></datafield><datafield ind1=" " ind2=" " tag="310"><subfield code="a">Weekly</subfield></datafield><datafield ind1="0" ind2=" " tag="362"><subfield code="a">Vol. 15, no. 11 (Oct. 29, 1982)-</subfield></datafield><datafield ind1="1" ind2=" " tag="362"><subfield code="a">Ceased with Sept. 26, 2008 issue.</subfield></datafield><datafield ind1=" " ind2=" " tag="500"><subfield code="a">"America's #1 Agricultural Weekly."</subfield></datafield><datafield ind1=" " ind2=" " tag="580"><subfield code="a">Merged with: Western livestock reporter, to form: Western Ag reporter.</subfield></datafield><datafield ind1=" " ind2="0" tag="650"><subfield code="a">Agriculture</subfield><subfield code="z">Montana</subfield><subfield code="v">Periodicals.</subfield></datafield><datafield ind1=" " ind2="0" tag="650"><subfield code="a">Agriculture</subfield><subfield code="z">Wyoming</subfield><subfield code="v">Periodicals.</subfield></datafield><datafield ind1=" " ind2="7" tag="655"><subfield code="a">Periodicals.</subfield><subfield code="2">fast</subfield><subfield code="0">(OCoLC)fst01411641</subfield></datafield><datafield ind1=" " ind2="7" tag="650"><subfield code="a">Agriculture.</subfield><subfield code="2">fast</subfield><subfield code="0">(OCoLC)fst00801355</subfield></datafield><datafield ind1=" " ind2="7" tag="651"><subfield code="a">Montana.</subfield><subfield code="2">fast</subfield><subfield code="0">(OCoLC)fst01207555</subfield></datafield><datafield ind1=" " ind2="7" tag="651"><subfield code="a">Wyoming.</subfield><subfield code="2">fast</subfield><subfield code="0">(OCoLC)fst01204583</subfield></datafield><datafield ind1=" " ind2=" " tag="752"><subfield code="a">United States</subfield><subfield code="b">Montana</subfield><subfield code="c">Yellowstone</subfield><subfield code="d">Billings.</subfield></datafield><datafield ind1="0" ind2="0" tag="780"><subfield code="t">Montwyo agri-news</subfield><subfield code="w">(DLC)sn 79000865</subfield></datafield><datafield ind1="1" ind2="7" tag="785"><subfield code="t">Western livestock reporter</subfield><subfield code="w">(DLC)sn 86075098</subfield><subfield code="w">(OCoLC)3383695</subfield></datafield><datafield ind1="1" ind2="7" tag="785"><subfield code="t">Western ag reporter</subfield><subfield code="w">(OCoLC)261340065</subfield></datafield></record>